3384 5275
754 806 942 903 (29)

410 993 545 1067 stulerit
565 991 748 1092 phlogisti,
773 1009 815 1062 ut
845 987 1002 1061 formam
1028 990 1194 1086 adquirat
1217 1016 1272 1065 are

410 1140 516 1213 senici
533 1139 617 1213 albi.
659 1138 701 1211 In
719 1142 797 1209 aere
815 1134 966 1210 humido
984 1108 1206 1231 deliqirescit.

460 1350 634 1424 Liberum
646 1346 769 1447 sponte
783 1369 854 1418 non
865 1343 1035 1435 occurrit,
1049 1340 1107 1416 led
1117 1344 1271 1443 ligatum
1365 1360 1372 1369 '

411 1495 590 1568 invenitur
608 1494 703 1567 calci
715 1492 848 1566 cobalti
865 1493 986 1587 (secr.
1004 1490 1216 1585 ccxxvnr.)
1235 1509 1271 1563 et

412 1639 606 1737 praesertim
625 1639 804 1738 phlogisto
816 1639 860 1712 in
877 1638 1031 1712 arsenico
1042 1641 1188 1711 metallo
1203 1636 1272 1711 fra·

413 1786 479 1883 gili
498 1788 619 1882 (secr.
636 1786 770 1878 ccxx.)
790 1756 1021 1879 ejusdemque
1039 1785 1137 1875 calce
1154 1786 1262 1880 (secr

415 1940 596 2019 ccum).

716 2139 731 2186 S
742 2138 793 2185 EC
804 2139 835 2185 T.
865 2136 976 2185 xxxn.

463 2290 624 2365 Aornum
657 2281 886 2386 mehrb‘daenam
917 2284 1122 2385 ingrediens
1155 2285 1272 2363 verifi-

416 2434 567 2511 millime
578 2431 765 2507 metallicae
776 2450 925 2533 putatur
934 2431 1098 2531 originis,
1110 2433 1276 2529 quamvis

303 2672 306 2677 Α
417 2582 577 2656 nondum
606 2598 724 2679 pateat
750 2578 865 2675 cujus.
913 2582 1040 2682 Qum
1064 2579 1273 2672 arsenicum,

386 2706 389 2715 ¹
417 2730 604 2804 metallum
622 2725 763 2826 fragile,
778 2725 1119 2826 ¹dephlogisticando
1131 2725 1275 2820 tandem

416 2877 519 2948 abeat
531 2874 567 2951 in
578 2874 722 2946 acidum
733 2873 778 2946 ab
788 2873 954 2949 omnibus
968 2871 1045 2946 aliis
1057 2873 1278 2966 distinllum,

419 3020 456 3092 in
471 3019 548 3092 aliis
566 3043 712 3116 quoque
731 3021 884 3091 metallis
903 3017 1095 3116 peculiaria
1110 3017 1210 3091 acida
1223 3041 1279 3090 ra·

421 3164 548 3237 dicalia
566 3163 783 3254 delitescere,
809 3189 880 3240 non
897 3164 965 3236 fine
989 3165 1122 3238 ratione
1140 3163 1280 3258 conjec-¹

421 3307 488 3381 tari
504 3309 602 3406 licet,
634 3310 799 3405 quamvis
816 3308 863 3380 ob
881 3297 1051 3406 phlogisti
1068 3308 1278 3381 validiorem

422 3454 655 3528 cohaefionem
681 3479 752 3547 non
777 3453 866 3526 dum
884 3453 1074 3527 denudata.
1113 3457 1276 3554 Qomo-

421 3601 469 3679 do
480 3625 543 3705 per
559 3618 678 3672 artem·
686 3599 895 3692 extricetur,
908 3600 978 3674 huc
992 3613 1063 3677 non
1074 3601 1238 3702 pertinet.
1252 3607 1274 3651 ἦ*

811 3745 890 3844 C·3
1165 3749 1273 3852 Qod

578 3922 597 3958 θ
618 3921 655 3985 Ι).
667 3921 814 3982 Semne
828 3919 892 3988 Aet.
906 3921 1018 3985 Stoclrlr.
1036 3923 1120 4006 177⁸·
