3384 5275
708 927 901 1051 lul

684 1280 806 1333 ΜΠ.
837 1282 911 1334 ern:

389 1437 527 1553 'Qui
547 1452 673 1548 prima?
701 1454 854 1550 quamdi
884 1445 1230 1557 (siei.id1v.·ffss³
1280 1552 1292 1572 ι

369 1606 506 1685 xcvu.)
525 1624 588 1697 nec
601 1624 669 1670 non
681 1601 807 1670 ultima
824 1602 940 1681 (sac'r.
956 1587 1044 1685 elil
1061 1596 1226 1699 genuina·

368 1743 612 1840 distinttaeque
629 1744 693 1815 srnt
710 1740 857 1839 species,
883 1748 1021 1815 nullum
1048 1747 1096 1816 est
1120 1748 1224 1822 dubi-

369 1908 448 1977 um,
473 1891 615 1982 reliquae
646 1901 766 1958 autem
792 1870 1039 1959 difficultatem
1069 1890 1225 1983 pariunt,

370 2029 463 2115 forte
481 2056 500 2102 e
518 2032 587 2103 sola
613 2032 804 2128 pendentes
829 2031 1034 2103 mechanica
1055 2032 1224 2105 mixtura.

370 2174 407 2245 Si
426 2175 657 2291 heterogenea
673 2166 786 2249 oculis
804 2176 953 2248 discerni
970 2175 1124 2273 poliunt,
1142 2196 1222 2249 tum

370 2345 456 2393 mox
474 2322 517 2391 ad
545 2322 633 2398 Saxa
650 2324 882 2419 ablegandam
907 2322 1089 2392 materiam
1107 2320 1224 2392 existi·
1296 2383 1309 2405 ,

370 2488 445 2555 mo,
460 2466 537 2537 heic
554 2487 672 2538 autem
688 2493 831 2540 omnem
841 2468 1031 2539 oculorum
1046 2466 1157 2537 aciem
1171 2465 1224 2537 ef·
1282 2516 1287 2531 .

372 2609 529 2710 fugiunt.
580 2613 753 2685 Praeterea
770 2632 870 2685 tertae
892 2612 923 2684 se
948 2611 1101 2683 invicem
1119 2630 1224 2684 attra-

370 2753 476 2828 hendi
499 2756 630 2829 virtute
644 2760 797 2856 gaudent
814 2777 849 2831 et
862 2760 944 2831 talia
956 2759 1128 2832 nonnulla
1137 2783 1225 2830 con·

371 2903 494 2992 nubia‚
506 2903 721 2976 mechanicis
734 2905 924 2994 intimiora,
937 2903 1113 2977 novimus.
1137 2903 1226 2976 Ter-

371 3071 408 3117 ra
421 3073 466 3118 ex
490 3049 644 3120 alumine
663 3051 839 3121 mediante
865 3050 971 3121 alkali
988 3049 1139 3122 caustico
1164 3050 1224 3119 de-

365 3188 461 3283 jedta
478 3213 512 3262 et
530 3217 631 3287 aquae
658 3195 763 3264 calcia
787 3193 936 3265 immiffa
959 3219 1045 3266 mox
1063 3192 1227 3292 spongio-

372 3334 446 3405 sam
460 3354 493 3405 et
508 3338 724 3430 pellucidam
732 3361 944 3434 compagem
956 3337 1103 3426 amittit,
1117 3331 1225 3406 albes-

372 3480 422 3550 cit
439 3498 474 3549 et
485 3445 729 3570 condensatur,
741 3483 874 3553 calcem
886 3505 931 3553 ex
943 3507 1033 3577 aqua
1050 3479 1226 3569 hauriens,

373 3625 472 3720 quod
496 3627 715 3697 connubium
740 3627 820 3697 dein
839 3652 908 3698 non
927 3627 987 3698 nisr
1005 3625 1130 3698 mediis
1146 3625 1229 3696 che-

371 3769 477 3840 micis
495 3769 650 3870 diljungi
662 3771 784 3869 potest.
833 3771 944 3844 Hisce
956 3792 1073 3844 motus
1086 3770 1230 3842 rationi-

372 3917 438 3988 bus
454 3917 584 4012 species
598 3918 781 4015 ambiguas
799 3918 990 3990 excludere
1017 3942 1087 3989 non
1102 3915 1228 3987 audeo.

766 4062 793 4132 F
1097 4061 1232 4130 Interea
