3384 5275
708 906 728 1000 ί
779 904 823 998 ³7
875 899 894 993 )

366 1118 477 1194 quam
499 1089 700 1179 exsiccatae,
723 1085 873 1180 satisque
889 1076 1009 1153 dinisae
1026 1078 1110 1152 huic
1128 1098 1227 1153 menn

367 1240 462 1313 struo
490 1236 658 1335 suspensa
683 1233 849 1330 inhaerere
874 1226 1027 1325 poffunt,
1056 1224 1169 1299 immo
1190 1226 1227 1298 in

366 1344 447 1458 laco
462 1378 578 1457 clauso
592 1379 694 1472 solvi,
719 1378 800 1477 igne
817 1372 1047 1447 vehementer
1063 1344 1225 1471 urgente.

367 1530 481 1603 Aeida
495 1529 581 1603 nihil
593 1529 709 1601 valent
728 1502 853 1624 praeter
864 1522 968 1614 illud,
987 1522 1121 1618 quode
1139 1522 1228 1593 fluo·

367 1697 405 1749 re
432 1674 592 1748 minerali
610 1675 750 1748 elicitur
777 1675 892 1754 (seen.
911 1675 1037 1769 xxm).
1076 1642 1228 1744 'Alkalia

305 1856 310 1868 .
366 1821 438 1891 fixa
456 1817 585 1890 terrain
603 1819 755 1921 filiceam
772 1822 831 1892 via
848 1819 995 1889 humida
1013 1818 1227 1913 adgrediun-

367 1983 440 2052 tur,
460 1962 517 2033 sed
536 1961 706 2058 peculiari
724 1959 946 2033 vehementia
963 1956 1156 2055 suscipiunt
1173 1958 1230 2029 via

369 2104 471 2196 ficca,
501 2103 654 2205 dupIum
683 2076 840 2201 ejusdem
869 2102 1009 2203 pondus
1035 2104 1069 2177 in
1095 2102 1230 2176 clarum

370 2250 562 2348 stabileque
573 2253 707 2325 vitrum
718 2250 995 2325 transmutanda.
1020 2247 1228 2323 Tantacum

279 2398 282 2408 '
368 2400 544 2491 alkalibus
570 2399 743 2487 adfinitas,
770 2396 924 2494 argillae;
947 2396 1063 2468 filiceo
1094 2392 1230 2493 semper

371 2544 517 2635 onustae,
544 2543 619 2613 vim
637 2542 812 2654 impertit,
839 2566 911 2635 qua
925 2543 1015 2613 acidi
1033 2541 1231 2639 portionem

371 2692 500 2795 enitlro
517 2709 553 2762 et
578 2690 694 2762 muria
719 2692 834 2811 laxare
861 2689 955 2788 potis
976 2688 1040 2760 est.
1084 2686 1178 2758 Pura
1195 2686 1255 2762 in·

353 2931 357 2957 Ι
372 2836 453 2938 igne
470 2837 519 2908 est
533 2835 743 2911 refrastaria.

421 3124 598 3226 Qamvis
625 3126 736 3231 Terra
770 3124 885 3200 filicea
916 3148 985 3198 non
1021 3125 1061 3196 fit
1086 3123 1231 3198 omnino

378 3269 540 3365 slmplex‚
567 3271 602 3341 in
626 3251 861 3365 Mineralogia
891 3288 1007 3339 tamen
1031 3269 1135 3338 instar
1162 3267 1233 3362 pri-

375 3415 511 3488 mitivae
543 3413 591 3484 est
621 3413 849 3509 respicienda,
883 3413 997 3482 donec
1031 3436 1049 3482 e
1080 3411 1233 3506 quadam

367 3542 788 3660 ¹praecedentiumertagn
799 3557 1065 3630 monstraverint
1076 3556 1234 3629 distinsta

372 3704 624 3802 experimenta.
640 3710 661 3754 ’ἓ

1130 3889 1231 3958 secr,

611 4024 631 4059 *
653 4021 759 4100 Opusc.
773 4024 831 4082 vol.
845 4023 887 4083 11.
900 4043 931 4102 p.
945 4042 993 4101 49.
