3384 5275
788 782 819 880 (’
858 785 909 881 98
955 786 973 879 l

447 968 580 1045 restitui
623 966 760 1064 nequit,
803 966 865 1039 nifi
899 968 1023 1040 addito
1058 966 1316 1051 inflammabili.

445 1116 539 1192 Haec
568 1112 731 1211 Ignobilia
746 1131 919 1187 vocantur
942 1133 978 1186 et
1003 1115 1169 1187 undecim
1188 1118 1312 1191 nostris

443 1260 568 1331 diebus
601 1258 746 1355 cognita
774 1257 864 1330 sunt.
917 1260 957 1331 ln
985 1245 1148 1333 habilibus
1174 1282 1310 1352 autem,

445 1428 546 1493 aum,
575 1402 712 1501 platino
745 1421 781 1482 et
808 1425 972 1501 argento,
1001 1408 1089 1481 adeo
1117 1408 1234 1479 araus
1264 1406 1313 1482 est

446 1574 572 1640 nexus,
596 1568 636 1621 ut
653 1550 801 1647 vulgare
815 1548 963 1641 sulione,
983 1550 1146 1647 quamvis
1161 1552 1312 1642 diutina,

444 1697 543 1775 nulla
560 1696 734 1776 observari
751 1696 910 1799 potuerit
928 1697 1129 1789 calcinatio,
1154 1697 1230 1769 etfi
1256 1698 1315 1771 via

444 1841 592 1919 humida
609 1841 644 1915 in
653 1843 787 1914 calcem
798 1859 937 1957 mutata
947 1842 1023 1942 igni
1040 1844 1316 1916 committuntur

387 2054 391 2065 .
445 1988 590 2079 fusorio,
618 1988 653 2061 in
671 1986 826 2061 formam
844 1988 1062 2087 completam
1079 1987 1202 2059 reduci
1227 2012 1315 2083 que·
1412 2012 1437 2060 ἢ

445 2152 519 2225 ant,
534 2134 602 2214 fine
619 2133 701 2224 alio,
720 2158 830 2239 quam
847 2135 947 2230 quod
961 2134 1070 2206 calori
1092 2133 1192 2218 inest,
1211 2133 1314 2229 phlo.

448 2279 555 2385 gille,
605 2278 772 2353 Medium
790 2280 887 2376 quafi
914 2263 1036 2360 lacum
1054 2297 1149 2351 tenet
1167 2278 1315 2373 hydrar-

449 2449 597 2525 gyrum,
633 2448 715 2501 nam
734 2424 786 2496 uti
821 2424 952 2541 prima,
981 2413 1152 2527 vcalcinari
1189 2423 1318 2522 potest,

447 2571 611 2668 quamvis
630 2570 826 2676 aegerrime,
857 2570 915 2646 sed
931 2570 1032 2652 simul
1062 2595 1145 2644 cum
1172 2569 1347 2668 postera·

444 2681 564 2792 aribus
592 2717 664 2791 solo
682 2695 765 2816 igne
790 2717 1008 2801 metallicam
1036 2715 1187 2821 recipere
1214 2715 1319 2787 indo«

443 2887 527 2976 lem,
604 2863 816 2964 Qamlibet
858 2863 1072 2970 phalangem
1122 2861 1315 2943 secundum

445 3007 639 3111 gravitates
668 3008 845 3116 specificas
876 3008 1015 3090 ordino.
1062 3007 1198 3081 Nativa
1226 3006 1319 3080 mihi

407 3228 425 3246 ,ἱ
448 3157 597 3230 audiunt
623 3157 782 3251 metalla,
800 3179 883 3257 quae
910 3152 1026 3227 forma
1043 3155 1199 3251 gaudent
1216 3177 1316 3225 com-

449 3308 557 3406 pleta,
586 3304 808 3402 mineralisata
834 3319 969 3402 autem,
1004 3325 1086 3406 quae
1122 3297 1232 3373 acidis
1258 3298 1316 3377 vel

449 3451 612 3549 sulphuri
636 3451 713 3522 sunt
740 3435 967 3545 adunatas-et
992 3445 1206 3544 calcifiarmia,
1235 3466 1318 3548 quaa

452 3597 627 3702 phlogisto
646 3614 784 3677 tantum
802 3593 939 3702 privata
957 3592 1194 3666 inveniuntur.
1207 3594 1230 3639 ἢ

642 3907 652 3920 ,
1079 3809 1316 3929 'anama

478 3995 485 4002 .
558 4007 563 4014 ,
610 3949 629 3987 ⁴*
651 3945 1016 4030 Opusc.vol.11.p.273·
