3384 5275
628 853 631 859 ·
687 789 691 794 ’
736 825 754 917 (
809 845 876 920 159
927 824 947 918 )
1062 825 1066 829 “

702 1031 970 1084 SECT.CCLXV.

411 1254 416 1273 ,
452 1188 584 1271 Ass1r,
628 1198 670 1253 ut
705 1180 983 1278 petrefaCiorum
1016 1182 1257 1279 cognitionem

402 1330 554 1403 sterilem
573 1351 770 1425 parumque
792 1328 919 1400 utilem
937 1346 1117 1424 putemus.
1166 1331 1258 1404 Con·

402 1475 539 1548 fiderati
557 1496 710 1568 natuque
727 1492 763 1545 et
781 1474 936 1575 poffunt,
954 1491 990 1547 et
1007 1476 1151 1567 debent,
1169 1495 1259 1580 tam-
1292 1538 1297 1541 .
1339 1506 1344 1577 j

400 1645 510 1717 quam
538 1618 681 1690 nummi
714 1619 952 1707 memoriales,
987 1638 1121 1693 natura
1150 1646 1258 1693 manu

400 1764 561 1861 depositi,
588 1763 624 1832 in
640 1761 850 1833 memoriam
867 1762 1120 1837 notabiliorum
1135 1775 1258 1863 opera-

398 1886 538 1983 tionum
571 1908 607 1977 in
637 1905 868 1978 construendo
897 1907 1034 1979 telluris
1063 1899 1209 1998 cortice,
1238 1935 1258 1983 e
1292 1996 1296 2004 s
1356 2001 1358 2006 Ι

372 2062 376 2069 ’
398 2057 678 2152 quibustempus
690 2069 725 2123 et
738 2052 825 2124 ordo
837 2053 976 2125 artificii
990 2055 1258 2149 quodammodo
1305 2029 1308 2034 Ἴ

398 2200 585 2295 dijudicari
619 2173 772 2299 poffunt,
803 2200 892 2273 dum
922 2200 989 2271 alia
1016 2201 1114 2275 filent
1132 2224 1256 2303 monu-

352 2415 356 2424 .
399 2366 529 2419 menta.
579 2344 648 2435 Hi,
677 2370 744 2441 ope
761 2345 925 2441 genuinae
945 2346 1257 2443 interpretationis,
1301 2320 1306 2326 ⁵

397 2493 465 2564 suis
495 2492 584 2564 locis
619 2468 793 2562 natalibus
811 2492 856 2563 de
884 2490 1042 2587 pristino.
1061 2492 1257 2590 superficiei

397 2641 502 2728 statu,
530 2640 574 2710 de
591 2637 776 2709 vastissrmo
805 2636 910 2709 maris
937 2609 1088 2735 imperio
1115 2660 1151 2711 et
1168 2637 1255 2711 inse·

397 2783 587 2881 quentibus
621 2781 916 2856 viciffitudinibus
949 2807 1012 2856 nos
1055 2783 1230 2857 instruunt
1243 2811 1256 2870 3

394 2929 455 3002 sua
471 2930 615 3003 materia
631 2931 731 3026 tegni
746 2930 923 3002 mineralis
940 2929 1175 3024 antiquiffima
1192 2932 1255 3002 sta·

395 3073 491 3146 mina
507 3050 772 3166 recentioraque
800 3071 1033 3167 distinguunt,
1062 3096 1144 3167 quae
1160 3073 1256 3147 enim
1344 3049 1348 3055 ¹

395 3240 593 3313 numquam
605 3191 798 3312 petrefaeta
811 3214 1041 3305 constituunt,
1056 3195 1254 3313 numquam

393 3361 527 3456 inclusa
545 3361 681 3451 fovent,
698 3361 861 3434 animalia
878 3361 946 3434 stne
961 3362 1073 3467 dubio
1090 3388 1191 3459 aeque
1212 3387 1253 3436 ac

394 3506 608 3607 vegetabilia
630 3524 732 3578 aetate
747 3505 934 3604 sup'erant3
969 3487 1083 3607 figura
1100 3509 1253 3607 denique
1311 3600 1315 3608 k

396 3652 494 3751 globi
509 3653 627 3743 nostri,
656 3653 806 3738 altiffimi
824 3654 1014 3751 praesertim
1044 3657 1165 3748 maris,
1199 3657 1252 3728 in-

396 3802 490 3874 colas
507 3799 672 3874 indicant.

492 3941 500 3948 ·
778 3923 811 3996 L'
838 3947 864 4014 4
1099 3909 1259 3999 sner-
