3384 5275
736 854 754 949 <
808 850 947 975 122)

400 1056 558 1141 generat,
576 1034 636 1115 sed
660 1035 819 1141 magneti
844 1060 914 1109 non
932 1034 1058 1109 obedit
1076 1052 1113 1109 et
1129 1039 1264 1114 calcem

350 1276 353 1279 ,
399 1186 533 1285 praebet
566 1184 698 1276 albam,
734 1182 904 1283 phlogisti
938 1184 1119 1275 ditiorem,
1151 1210 1263 1283 quam

398 1331 485 1405 ferri
503 1331 587 1405 boni
606 1332 687 1407 calx
702 1328 804 1405 flava.
855 1324 1025 1405 Pluribus
1039 1332 1265 1429 experimen·
1355 1436 1359 1443 θ

396 1477 442 1551 tis
461 1476 677 1553 intimiorem
696 1475 940 1577 cognitionem
958 1476 1032 1553 cito
1047 1477 1263 1579 adquifitum

395 1620 439 1701 iri
456 1622 572 1723 spero.

691 1836 829 1885 'SECL
860 1834 950 1885 CCVI.

443 1984 610 2063 Funrunt
627 1984 813 2081 colcr'fo'rme
835 1984 948 2058 modo
964 1982 1136 2083 peculiari
1158 1984 1259 2090 phlo.
1318 2028 1324 2038 -

389 2130 590 2235 gistirntum.

479 2311 724 2389 Cronsrtor
740 2315 827 2381 Min.
841 2314 924 2381 seer.
937 2314 1010 2382 208.
1033 2316 1191 2400 Caeruleum
1200 2300 1260 2383 Be*

523 2448 650 2533 tolinense
662 2449 802 2515 nativum.

439 2669 580 2767 Argilla
605 2685 642 2741 et
667 2669 800 2744 humus
825 2694 895 2745 non
920 2693 1107 2766 nunquam
1134 2673 1256 2748 colore

277 2801 278 2812 ἵ
391 2817 549 2890 coeruleo
567 2814 684 2888 diluto
698 2814 734 2888 in
748 2813 931 2914 superficie
944 2816 1172 2910 decorantur,
1188 2817 1256 2892 im-

357 3059 364 3076 !
394 2983 455 3034 mo
463 2960 560 3058 prior
573 2985 693 3034 recens
707 2960 823 3034 effossa
833 2961 977 3060 a‘e‘rique
988 2963 1150 3060 exposita
1162 2964 1258 3038 hunc

394 3104 548 3179 tinctum
583 3106 765 3182 interdum
794 3107 983 3203 adquirere
1019 3108 1162 3181 inventa
1197 3109 1259 3184 est.

395 3251 508 3350 Qud
526 3251 614 3325 basis
632 3253 673 3326 fit
690 3253 875 3343 martialis,
894 3251 1079 3349 phlogisto
1094 3252 1259 3350 gravida·

394 3414 446 3487 ta,
462 3395 567 3469 facile
593 3415 705 3496 patet,
735 3421 831 3500 narn,
846 3394 1019 3494 ignirione
1044 3396 1082 3469 in
1107 3397 1259 3471 carbone

394 3541 616 3615 flammulam
643 3541 826 3633 monstrat,
855 3539 1010 3616 rubescit
1034 3562 1069 3616 et
1099 3545 1259 3643 magneti

392 3685 433 3760 fit
450 3687 716 3783 obsequiosum.
768 3687 858 3762 Leni
885 3689 1001 3763 calore
1027 3691 1151 3762 eadem
1182 3716 1257 3764 ma·

392 3831 480 3909 teria
495 3832 650 3928 virescit,
665 3833 799 3906 fufione
822 3852 944 3910 autem
969 3837 1089 3935 nigras
1112 3836 1258 3910 exhibet

739 3975 806 4074 14
1120 3979 1264 4060 scorias.¹
