3384 5275
723 757 1182 923 rtis

457 1054 503 1115 ut
529 1034 742 1116 recentiora
773 1033 918 1140 sensim¹
939 1030 1136 1143 postulant
1166 1041 1317 1147 experi-

425 1179 623 1274 menta·
677 1196 802 1275 Probe
836 1194 955 1341 etiam
986 1190 1160 1305 perspexi
1194 1196 1315 1279 hocce

455 1352 631 1459 Systema
642 1343 758 1433 citiuc
775 1344 1107 1451 fore'absoluturru
1140 1356 1166 1434 s1
1182 1357 1315 1464 plures

361 1489 363 1493 V
454 1510 764 1622 oculatioresque
797 1511 979 1592 Chemici
1010 1542 1139 1594 meam
1168 1514 1313 1593 exami-
1406 1616 1409 1629 ,

453 1688 551 1747 nant
581 1668 886 1779 Sciagraphiam‚
918 1673 1093 1783 quamsi
1122 1670 1225 1752 solus
1255 1671 1313 1752 illi

282 1871 283 1878 κ
341 1849 344 1856 ’
386 1919 388 1924 ,
451 1825 699 1933 perficiendae
733 1826 850 1917 essem
883 1828 1072 1911 intentus.
1129 1829 1315 1911 Aliorum

451 1983 613 2091 quidem
629 1984 788 2065 censura
802 1986 908 2067 varia
925 1972 1236 2065 emendabuntur
1255 1984 1314 2065 vi-

450 2111 521 2236 tia,
550 2167 640 2249 quae
670 2138 1055 2247 longioriindustria
1074 2130 1153 2251 ipse
1187 2141 1315 2245 forsan

424 2319 426 2322 ’
448 2271 589 2377 tollere
608 2291 831 2404 potuissem,
848 2294 910 2377 sed
937 2301 1054 2379 modo
1076 2298 1221 2379 ditetur
1241 2274 1312 2380 sci-

449 2456 568 2553 entia,
600 2485 669 2563 per
690 2482 810 2567 quem
829 2441 976 2563 parum¹
996 2458 1125 2573 refert.
1184 2460 1314 2539 Gene-

448 2643 491 2699 ra
510 2613 632 2721 igitur
647 2632 685 2691 et
702 2610 844 2720 species
858 2615 945 2724 jam
964 2612 1141 2712 exhibe0‚
1174 2577 1312 2724 excep·

448 2771 501 2850 tis
514 2769 805 2879 appendicibu8‚
826 2800 915 2881 quae
928 2773 975 2852 ad
989 2735 1126 2852 meum
1138 2773 1311 2880 Scopum

350 2932 353 2941 '
447 2929 604 3038 proprie
622 2958 701 3008 non
730 2929 929 3037 pertinent
956 2948 995 3010 et
1024 2929 1203 3040 generica
1221 2946 1309 3012 tan'-
1344 3014 1352 3034 ,

358 3162 364 3168 .
449 3106 540 3166 tum
574 3086 791 3168 continent.
865 3089 1019 3168 Genera
1051 3119 1072 3168 e
1102 3088 1309 3197 principali

447 3245 641 3356 principio
653 3246 916 3357 ingrediente,
955 3245 1097 3361 species
1131 3277 1152 3327 e
1183 3247 1307 3327 diver-

400 3495 403 3501 ,
445 3404 555 3493 fitate
585 3405 753 3488 miscelae
784 3381 937 3488 deduxi.
997 3405 1215 3487 Varietates
1241 3435 1306 3484 ex-

446 3578 599 3638 ternam
616 3561 802 3671 spectant
823 3565 978 3664 faciem,
1010 3591 1106 3675 quas
1126 3563 1213 3648 ideo
1232 3561 1305 3642 hac

442 3714 527 3806 vice
544 3738 744 3826 praetereo,

1087 3925 1300 4037 Postquam
